<record><leader>00000cas a22000007a 4500</leader><controlfield tag="001">20841840</controlfield><controlfield tag="008">900103d19131919mouwr ne      0    0eng d</controlfield><datafield ind1=" " ind2=" " tag="010"><subfield code="a">sn 89067597 </subfield></datafield><datafield ind1=" " ind2=" " tag="040"><subfield code="a">MQN</subfield><subfield code="b">eng</subfield><subfield code="c">MQN</subfield><subfield code="d">OCLCQ</subfield></datafield><datafield ind1="0" ind2="0" tag="245"><subfield code="a">Piedmont weekly banner.</subfield></datafield><datafield ind1="3" ind2="0" tag="246"><subfield code="a">Piedmont banner</subfield></datafield><datafield ind1=" " ind2=" " tag="260"><subfield code="a">Piedmont, Wayne County, Mo. :</subfield><subfield code="b">Bristol-French,</subfield><subfield code="c">-1919.</subfield></datafield><datafield ind1=" " ind2=" " tag="300"><subfield code="a">v.</subfield></datafield><datafield ind1=" " ind2=" " tag="310"><subfield code="a">Weekly</subfield></datafield><datafield ind1="1" ind2=" " tag="362"><subfield code="a">Began in 1913?</subfield></datafield><datafield ind1="0" ind2=" " tag="362"><subfield code="a">-v. 26, no. 28 (Dec. 11, 1919).</subfield></datafield><datafield ind1=" " ind2=" " tag="500"><subfield code="a">Issue for Dec. 11, 1919 published as: Piedmont banner.</subfield></datafield><datafield ind1=" " ind2=" " tag="588"><subfield code="a">Description based on: Vol. 20, no. 44 (Mar. 20, 1913).</subfield></datafield><datafield ind1=" " ind2=" " tag="752"><subfield code="a">United States</subfield><subfield code="b">Missouri</subfield><subfield code="c">Wayne</subfield><subfield code="d">Piedmont.</subfield></datafield><datafield ind1="0" ind2="0" tag="780"><subfield code="t">Piedmont banner</subfield><subfield code="w">(DLC)sn 89067593</subfield></datafield><datafield ind1="0" ind2="7" tag="785"><subfield code="t">Wayne County journal (Greenville, Mo.)</subfield><subfield code="w">(DLC)sn 89067592</subfield></datafield><datafield ind1="0" ind2="7" tag="785"><subfield code="t">Wayne County journal and the Piedmont weekly banner</subfield><subfield code="w">(DLC)sn 89067594</subfield></datafield></record>